<?xml version="1.0" encoding="UTF-8"?><collection xmlns="http://www.loc.gov/MARC21/slim"><record><leader>00553nam--2200193-u-4500</leader><controlfield tag="001">000056718</controlfield><controlfield tag="002">20170119</controlfield><controlfield tag="005">20170223111447</controlfield><controlfield tag="008">170119s1000------------r-----000-0-eng-d</controlfield><datafield ind1=" " ind2=" " tag="040"><subfield code="a">IFIN-HH</subfield></datafield><datafield ind1="0" ind2=" " tag="041"><subfield code="a">eng</subfield></datafield><datafield ind1=" " ind2=" " tag="080"><subfield code="a">514.7:515.1:530.145</subfield></datafield><datafield ind1="1" ind2=" " tag="100"><subfield code="a">Bertlmann, Reinhold A</subfield></datafield><datafield ind1="1" ind2="0" tag="245"><subfield code="a">Anomalies in Quantum Field Theory</subfield><subfield code="c">Reinhold A. Bertlmann</subfield></datafield><datafield ind1=" " ind2=" " tag="260"><subfield code="a">Oxford</subfield><subfield code="b">University Press</subfield><subfield code="c">2005</subfield></datafield><datafield ind1=" " ind2=" " tag="300"><subfield code="a">XIII+566p</subfield></datafield><datafield ind1="0" ind2=" " tag="490"><subfield code="a">International Series of Monographs on Physics</subfield><subfield code="v">vol. 91</subfield></datafield><datafield ind1=" " ind2=" " tag="852"><subfield code="a">81726</subfield><subfield code="c">530.145</subfield></datafield><datafield ind1=" " ind2=" " tag="CAT"><subfield code="a">SYS</subfield><subfield code="c">20170223</subfield><subfield code="h">111447</subfield></datafield></record></collection>